
https://www.overleaf.com/learn/latex/Bibliography_management_in_LaTeX
https://patents.google.com/patent/US2612994A/en

-- INTRODUCTION --

-- BACKGROUND --

@patent{upc_patent,
	title = {Classifying apparatus and method},
	number = {US2612994A},
	date = {1952-10-07},
	author = {N. J., WOODLAND ET A},
	url = {https://patents.google.com/patent/US2612994A/en}
}

https://ieeexplore.ieee.org/abstract/document/5388144
@article{upc_ibm,	
	author={Savir, D. and Laurer, G. J.},
	journal={IBM Systems Journal}, 
	title={The characteristics and decodability of the Universal Product Code symbol}, 
	year={1975},
	volume={14},
	number={1},
	pages={16-34},
	doi={10.1147/sj.141.0016}
}

@online{iot_definition,
	title={That ‘Internet of Things’ Thing},
	author={Kevin Ashton},
	url={https://www.rfidjournal.com/that-internet-of-things-thing},
	url={http://www.itrco.jp/libraries/RFIDjournal-That%20Internet%20of%20Things%20Thing.pdf},
	urldate={Jun 22, 2009}
}

@INPROCEEDINGS{ardueco_paper,
	author={Voinea, Stefan Ciprian and Bujari, Armir and Palazzi, Claudio Enrico},
	booktitle={2020 IEEE Symposium on Computers and Communications (ISCC)}, 
	title={Air Quality Control through Bike Sharing Fleets}, 
	url={https://ieeexplore.ieee.org/document/9219618},
	year={2020},
	doi={10.1109/ISCC50000.2020.9219618}
}

